<record><leader>00000cas a2200000   4500</leader><controlfield tag="001">4965642</controlfield><controlfield tag="008">790515c1uuu9999fluwr ne      0   a0eng d</controlfield><controlfield tag="009">467</controlfield><datafield ind1=" " ind2=" " tag="010"><subfield code="a">sn 79002877 </subfield></datafield><datafield ind1=" " ind2=" " tag="040"><subfield code="a">NSD</subfield><subfield code="b">eng</subfield><subfield code="c">NSD</subfield><subfield code="d">OCL</subfield><subfield code="d">OCLCQ</subfield></datafield><datafield ind1=" " ind2=" " tag="012"><subfield code="k">1</subfield><subfield code="m">d</subfield></datafield><datafield ind1="1" ind2=" " tag="022"><subfield code="a">0191-7595</subfield><subfield code="l">0191-7595</subfield><subfield code="2">1</subfield></datafield><datafield ind1="1" ind2=" " tag="029"><subfield code="a">AU@</subfield><subfield code="b">000045498667</subfield></datafield><datafield ind1=" " ind2=" " tag="042"><subfield code="a">nsdp</subfield></datafield><datafield ind1=" " ind2="4" tag="222"><subfield code="a">The Courier</subfield><subfield code="b">(Coral Springs)</subfield></datafield><datafield ind1="0" ind2="4" tag="245"><subfield code="a">The Courier.</subfield></datafield><datafield ind1=" " ind2=" " tag="260"><subfield code="a">Coral Springs, Fla.,</subfield><subfield code="b">Panax Corporation.</subfield></datafield><datafield ind1=" " ind2=" " tag="936"><subfield code="a">Dec. 13, 1978</subfield></datafield></record>